@article{xu_satzilla_2008,
    title = {{SATzilla:} Portfolio-based Algorithm Selection for {SAT}},
    volume = {32},
    journal = {J. Artif. Intell. Res.},
    author = {Xu, Lin and Hutter, Frank and Hoos, Holger H. and Leyton-Brown, Kevin},
    year = {2008},
    pages = {565--606}
}

@inproceedings{kadioglu_isac_2010,
    address = {Amsterdam, The Netherlands, The Netherlands},
    title = {{ISAC} – Instance-Specific Algorithm Configuration},
    booktitle = {Proceeding of the 2010 conference on {ECAI} 2010: 19th European Conference on Artificial Intelligence},
    publisher = {{IOS} Press},
    author = {Kadioglu, Serdar and Malitsky, Yuri and Sellmann, Meinolf and Tierney, Kevin},
    year = {2010},
    pages = {751--756}
}

@inproceedings{kotthoff_hybrid_2012,
    title = {Hybrid Regression-Classification Models for Algorithm Selection},
    booktitle = {20th European Conference on Artificial Intelligence},
    author = {Kotthoff, Lars},
    month = aug,
    year = {2012},
    pages = {480--485}
}

@article{huberman_economics_1997,
    title = {An Economics Approach to Hard Computational Problems},
    volume = {275},
    number = {5296},
    journal = {Science},
    author = {Huberman, Bernardo A. and Lukose, Rajan M. and Hogg, Tad},
    year = {1997},
    pages = {51--54}
}

@article{gomes_algorithm_2001,
    title = {Algorithm Portfolios},
    volume = {126},
    number = {1-2},
    journal = {Artificial Intelligence},
    author = {Gomes, Carla P. and Selman, Bart},
    year = {2001},
    pages = {43--62}
}

@article{rice_algorithm_1976,
    title = {The Algorithm Selection Problem},
    volume = {15},
    journal = {Advances in Computers},
    author = {Rice, John R.},
    year = {1976},
    pages = {65--118}
}

@inproceedings{xu_hydra_2010,
    title = {Hydra: Automatically Configuring Algorithms for Portfolio-Based Selection},
    booktitle = {Twenty-Fourth Conference of the Association for the Advancement of Artificial Intelligence},
    author = {Xu, Lin and Hoos, Holger H. and Leyton-Brown, Kevin},
    year = {2010},
    pages = {210-–216}
}

@inproceedings{kadioglu_algorithm_2011,
    title = {Algorithm Selection and Scheduling},
    booktitle = {17th International Conference on Principles and Practice of Constraint Programming},
    author = {Kadioglu, Serdar and Malitsky, Yuri and Sabharwal, Ashish and Samulowitz, Horst and Sellmann, Meinolf},
    year = {2011},
    pages = {454--469}
}

@techreport{kotthoff_algorithm_2012,
    title = {Algorithm Selection for Combinatorial Search Problems: A survey},
    institution = {University College Cork},
    number = {{arXiv:1210.7959}},
    author = {Kotthoff, Lars},
    year = {2012}
}

@article{kotthoff_algorithm_2014,
	title = {Algorithm Selection for Combinatorial Search Problems: A Survey},
	journal = {{AI} Magazine},
	author = {Kotthoff, Lars},
	year = {2014},
    note = {Forthcoming.}
}

@inproceedings{xu_hydra-mip_2011,
    title = {Hydra-{MIP:} Automated Algorithm Configuration and Selection for Mixed Integer Programming},
    booktitle = {{RCRA} Workshop on Experimental Evaluation of Algorithms for Solving Problems with Combinatorial Explosion},
    author = {Xu, Lin and Hutter, Frank and Hoos, Holger H. and Leyton-Brown, Kevin},
    year = {2011},
    pages = {16--30}
}

@inproceedings{xu_hierarchical_2007,
    title = {Hierarchical Hardness Models for {SAT}},
    booktitle = {{CP}},
    author = {Xu, Lin and Hoos, Holger H. and Leyton-Brown, Kevin},
    year = {2007},
    pages = {696--711}
}

@article{kotthoff_evaluation_2012,
	title = {An Evaluation of Machine Learning in Algorithm Selection for Search Problems},
	volume = {25},
	number = {3},
	journal = {{AI} Communications},
	author = {Kotthoff, Lars and Gent, Ian P. and Miguel, Ian},
	year = {2012},
	pages = {257--270}
}

@article{hall_weka_2009,
	title = {The {WEKA} Data Mining Software: An Update},
	volume = {11},
	number = {1},
	journal = {{SIGKDD} Explor. Newsl.},
	author = {Hall, Mark and Frank, Eibe and Holmes, Geoffrey and Pfahringer, Bernhard and Reutemann, Peter and Witten, Ian H.},
	month = nov,
	year = {2009},
	pages = {10--18}
}

@inproceedings{kohavi_study_1995,
	title = {A Study of Cross-Validation and Bootstrap for Accuracy Estimation and Model Selection},
	booktitle = {Proceedings of the 14th International Joint Conference on Artificial Intelligence},
	publisher = {Morgan Kaufmann},
	author = {Kohavi, Ron},
	year = {1995},
	pages = {1137--1143}
}

@book{quinlan_c4.5_1993,
	edition = {1},
	title = {C4.5: Programs for Machine Learning},
	isbn = {1558602380},
	publisher = {Morgan Kaufmann},
	author = {Quinlan, J. Ross},
	month = jan,
	year = {1993}
}

@article{wolpert_no_1997,
	title = {No free lunch theorems for optimization},
	volume = {1},
	number = {1},
	journal = {{IEEE} Transactions on Evolutionary Computation},
	author = {Wolpert, David H. and Macready, William G.},
	year = {1997},
	pages = {67--82}
}

@book{rbook,
 author = {Crawley, Michael J.},
 title = {The R Book},
 year = {2007},
 isbn = {0470510242, 9780470510247},
 edition = {1st},
 publisher = {Wiley Publishing},
} 

@inproceedings{gent_learning_2010,
	title = {Learning When to Use Lazy Learning in Constraint Solving},
	booktitle = {19th European Conference on Artificial Intelligence},
	author = {Gent, Ian P. and Jefferson, Christopher A. and Kotthoff, Lars and Miguel, Ian and Moore, Neil and Nightingale, Peter and Petrie, Karen E.},
	month = aug,
	year = {2010},
	pages = {873--878}
}

@article{schmee_simple_1979,
	title = {A Simple Method for Regression Analysis with Censored Data},
	volume = {21},
	number = {4},
	journal = {Technometrics},
	author = {Schmee, Josef and Hahn, Gerald J.},
	year = {1979},
	pages = {417--432}
}

@inproceedings{dietterich_ensemble_2000,
    title = {Ensemble Methods in Machine Learning},
    booktitle = {International Workshop on Multiple Classifier Systems},
    author = {Dietterich, Thomas G.},
    year = {2000},
    pages = {1--15}
}

@article{wolpert_stacked_1992,
        title = {Stacked Generalization},
        volume = {5},
        journal = {Neural Networks},
        author = {Wolpert, David H.},
        year = {1992},
        pages = {241--259}
}

@techreport{rahwan_game_2013,
	title = {A Game Theoretic Approach to Measure Contributions in Algorithm Portfolios},
	number = {{RR-13-11}},
	institution = {{DCS}},
	author = {Rahwan, Talal and Michalak, Tomasz P.},
	year = {2013},
	pages = {9}
}

@inproceedings{hurley_proteus_2014,
	title = {Proteus: A Hierarchical Portfolio of Solvers and Transformations},
	booktitle = {{CPAIOR}},
	author = {Hurley, Barry and Kotthoff, Lars and Malitsky, Yuri and {O'Sullivan}, Barry},
	month = may,
	year = {2014}
}

@book{pattern_bishop_2007,
	title = {Pattern Recognition and Machine Learning},
	isbn = {0387310738},
	publisher = {Springer},
	author = {Christopher M. Bishop},
	year = {2007}
}

@book{witten_data_2011,
	title = {Data Mining: Practical Machine Learning Tools and Techniques},
	isbn = {0123748569},
	publisher = {Morgan Kaufmann},
	author = {Ian H. Witten and Eibe Frank and Mark A. Hall},
	year = {2011}
}

@book{machine_lantz_2013,
	title = {Machine Learning with R},
	isbn = {1782162143},
	publisher = {Packt},
	author = {Brett Lantz},
	year = {2013}
}

@Manual{mlr,
    title = {mlr: Machine Learning in R.},
    author = {Bernd Bischl and Michel Lang and Jakob Richter and Jakob Bossek and Leonard Judt and Tobias Kuehn and Erich Studerus and Lars Kotthoff},
    year = {2014},
    note = {R package version 2.2},
    url = {http://CRAN.R-project.org/package=mlr},
}
